@book{green,
  title     = {Algebraic topology: a first course},
  author    = {Marvin J. Greenberg, John R. Harper},
  publisher = {Westview Press},
  year      = {1981},
  series    = {Mathematics Lecture Note Series}
}