@book{Minelli2013,
  title={Big Data, Big Analytics: Emerging Business Intelligence and Analytic Trends for Today's Businesses},
  author={Minelli, Michael and Chambers, Michelle and Dhiraj, Ambiga},
  year={2013},
  publisher={Wiley}
}

@book{BigDataBlackBook,
  title={Big Data Black Book},
  author={{OT Editorial Services}},
  year={Not specified},
  publisher={Wiley India}
}

@misc{MOOCS,
  title={Massive Online Open Courses (MOOCS): Big Data University, Udacity and Coursera},
  % author={{Not specified}},
  % note={Not a traditional publication, citation may vary}
}

@book{SadalageFowler2012,
  title={NoSQL Distilled: A Brief Guide to the Emerging World of Polyglot Persistence},
  author={Sadalage, Pramod J. and Fowler, Martin},
  year={2012},
  publisher={Addison-Wesley Professional}
}

@book{White2012,
  title={Hadoop: The Definitive Guide},
  edition={3},
  author={White, Tom},
  year={2012},
  publisher={O'Reilly Media}
}

@book{Kitchin2014,
	title={The Data Revolution: Big Data, Open Data, Data Infrastructures and Their Consequences},
	author={Kitchin, Rob},
	year={2014},
	publisher={SAGE}
}

