@article{DBLPjournals,
author       = {Adriano Rivolli and Lu{\'{\i}}s Paulo F. Garcia and Carlos Soares and Joaquin Vanschoren and Andr{\'{e}} C. P. L. F. de Carvalho},
title        = {Towards Reproducible Empirical Research in Meta-Learning},
journal      = {CoRR},
volume       = {abs/1808.10406},
year         = {2018},
url          = {http://arxiv.org/abs/1808.10406},
eprinttype    = {arXiv},
eprint       = {1808.10406},
timestamp    = {Tue, 29 Oct 2019 16:17:51 +0100},
biburl       = {https://dblp.org/rec/journals/corr/abs-1808-10406.bib},
bibsource    = {dblp computer science bibliography, https://dblp.org}
}


@online{codedamn,
	author = {CodeDamn},
	title = {Difference between Artificial Intelligence, Machine learning, and Deep learning},
	year = 2023,
	url = {https://codedamn.com/news/machine-learning/difference-between-artificial-intelligence-machine-learning-and-deep-learning},
	urldate = {2023-03-02}
}

@misc{enwiki:1185174960,
author = "{Wikipedia contributors}",
title = "Standard score",
year = "2023",
howpublished = "\url{https://en.wikipedia.org/w/index.php?title=Standard_score\&oldid=1185174960}",
note = "[Online; accessed 11-December-2023]"
}


@misc{enwiki:1109670121,
author = "{Wikipedia contributors}",
title = "Normalization (statistics)",
year = "2022",
howpublished = "\url{https://en.wikipedia.org/w/index.php?title=Normalization_(statistics)\&oldid=1109670121}",
note = "[Online; accessed 11-December-2023]"
}

@misc{ enwiki:1188971782,
author = "{Wikipedia contributors}",
title = "Feature scaling",
year = "2023",
url = "https://en.wikipedia.org/w/index.php?title=Feature_scaling&oldid=1188971782",
note = "[Online; accessed 11-December-2023]"
}
