% Insert Bibtex citation of paper
% the first item in the {}, is the citation name used to refer with \cite{} in your document 

@article{EPFL,
  author    = {Shreeja Das, Santanu Mahapatra, Jehan Taraporewalla and Dipankar Saha},
  doi       = {https://2dspintronics2021.epfl.ch/poster-session/},
  booktitle = {},
  title     = {Machine learning assisted search of figure of merit},
  journal   = {Workshop on Spintronics and Magnetism},
  year      = {2021},
  month     = {23rd to 27th August},
  pages     = {},
  volume    = {}
}

% Neo4j
@misc{n4j,
  author       = {Neo4j},
  title        = {Neo4j},
  howpublished = {\url{https://neo4j.com/}},
  year         = {2021},
  note         = {Accessed: 2024-04-05}
}

%neptune
@misc{neptune,
  author       = {Amazon Web Services},
  title        = {Amazon Neptune},
  howpublished = {\url{https://aws.amazon.com/neptune/}},
  year         = {2021},
  note         = {Accessed: 2024-04-06}
}

%janusgraph
@misc{janus,
  author       = {JanusGraph},
  title        = {JanusGraph},
  howpublished = {\url{https://janusgraph.org/}},
  year         = {2021},
  note         = {Accessed: 2024-04-06}
}

@misc{korigamikkg,
  author       = {Kushagra Lakhwani},
  title        = {Knowledge Graphs through \text{GENAI}},
  year         = {2024},
  publisher    = {GitHub},
  journal      = {GitHub repository},
  howpublished = {\url{https://github.com/KorigamiK/knowledge-graphs}}
}

@misc{asdf,
    title = {Towards a cognitive foundation for knowledge representation},
author = {Joerg Evermann},
    publisher = {School of Information Management, Victoria University of Wellington},
    Year = {2005}   
}

@misc{sfa,
    Title = {Cognitive Computing and Big Data},
    author = {Judith S. hurwitz, Marcia Kaufman, Adrian Bowles}
}

@misc{gpt3,
  author       = {OpenAI},
  title        = {GPT-3},
  howpublished = {\url{https://www.openai.com/gpt-3/}},
  year         = {2021},
  note         = {Accessed: 2024-04-06}
}

@misc{bert,
  author       = {Google},
  title        = {BERT},
  howpublished = {\url{https://ai.googleblog.com/2018/11/open-sourcing-bert-state-of-art-pre.html}},
  year         = {2018},
  note         = {Accessed: 2024-04-06}
}